<record><leader>00000cas a22000007a 4500</leader><controlfield tag="001">19646983</controlfield><controlfield tag="008">890503d18761891gauwr ne      0    0eng d</controlfield><datafield ind1=" " ind2=" " tag="010"><subfield code="a">sn 89053243 </subfield></datafield><datafield ind1=" " ind2=" " tag="040"><subfield code="a">NLG</subfield><subfield code="b">eng</subfield><subfield code="c">NLG</subfield><subfield code="d">OCLCQ</subfield></datafield><datafield ind1=" " ind2=" " tag="042"><subfield code="a">msc</subfield></datafield><datafield ind1="0" ind2=" " tag="130"><subfield code="a">Henry County weekly (Hampton, Ga. : 1876)</subfield></datafield><datafield ind1="1" ind2="4" tag="245"><subfield code="a">The Henry County weekly.</subfield></datafield><datafield ind1=" " ind2=" " tag="260"><subfield code="a">Hampton, Ga. :</subfield><subfield code="b">R.T. Harper &amp; Co.</subfield></datafield><datafield ind1=" " ind2=" " tag="300"><subfield code="a">v.</subfield></datafield><datafield ind1=" " ind2=" " tag="310"><subfield code="a">Weekly</subfield></datafield><datafield ind1="1" ind2=" " tag="362"><subfield code="a">Began in 1876.</subfield></datafield><datafield ind1="0" ind2=" " tag="362"><subfield code="a">-v. 15, no. 18 (Jan. 2, 1891).</subfield></datafield><datafield ind1=" " ind2=" " tag="500"><subfield code="a">Moved to McDonough between 1882 and Feb. 1883.</subfield></datafield><datafield ind1=" " ind2=" " tag="588"><subfield code="a">Description based on: Vol. 3, no. 33 (Feb. 21, 1879).</subfield></datafield><datafield ind1=" " ind2=" " tag="752"><subfield code="a">United States</subfield><subfield code="b">Georgia</subfield><subfield code="c">Henry</subfield><subfield code="d">McDonough.</subfield></datafield><datafield ind1=" " ind2=" " tag="752"><subfield code="a">United States</subfield><subfield code="b">Georgia</subfield><subfield code="c">Henry</subfield><subfield code="d">Hampton.</subfield></datafield><datafield ind1="0" ind2="7" tag="785"><subfield code="t">Henry County times (McDonough, Ga.)</subfield></datafield><datafield ind1="0" ind2="7" tag="785"><subfield code="t">Henry County weekly and Henry County times</subfield><subfield code="w">(DLC)sn 89053247</subfield></datafield><datafield ind1="1" ind2=" " tag="029"><subfield code="a">AU@</subfield><subfield code="b">000025901761</subfield></datafield></record>